@book{gm,
	AUTHOR = {Gregoire Montavon, Genevieve B. Orr and Klaus-Robert Muller (Eds.)},
	TITLE = {Neural Networks: Tricks of the Trade},
	SERIES = {Second Edition},
	PUBLISHER = {Springer},
	ADDRESS = {},
	YEAR = {2012},
	PAGES = {599-619},
}

@article{Bengio:2009:LDA:1658423.1658424,
	author = {Bengio, Yoshua},
	title = {Learning Deep Architectures for AI},
	journal = {Found. Trends Mach. Learn.},
	issue_date = {January 2009},
	volume = {2},
	number = {1},
	month = jan,
	year = {2009},
	issn = {1935-8237},
	pages = {1--127},
	numpages = {127},
	url = {http://dx.doi.org/10.1561/2200000006},
	doi = {10.1561/2200000006},
	acmid = {1658424},
	publisher = {Now Publishers Inc.},
	address = {Hanover, MA, USA},
} 

@book{golub,
    AUTHOR = {Golub, G.H. and Van Loan, C.F.},
     TITLE = {Matrix Computations},
    SERIES = {Second Edition},
 PUBLISHER = {The John Kopkins University Press},
   ADDRESS = {},
      YEAR = {1989},
     PAGES = {xiii+283},
}

@inproceedings{gerla,
    AUTHOR = {Brunella Gerla},
     TITLE = {Automata over {MV}-algebras},
 BOOKTITLE = {ISMVL '04: Proceedings of the 34th International Symposium on Multiple-Valued Logic},
      YEAR = {2004},
     PAGES = {49--54},
 publisher = {IEEE Computer Society},
   address = {Washington, DC, USA},
}

@article{DBLP:journals/corr/abs-1305-0445,
	author    = {Yoshua Bengio},
	title     = {Deep Learning of Representations: Looking Forward},
	journal   = {CoRR},
	volume    = {abs/1305.0445},
	year      = {2013},
	url       = {http://arxiv.org/abs/1305.0445},
	timestamp = {Sun, 02 Jun 2013 20:48:21 +0200},
	biburl    = {http://dblp.uni-trier.de/rec/bib/journals/corr/abs-1305-0445},
	bibsource = {dblp computer science bibliography, http://dblp.org}
}

@article{chang,
    AUTHOR = {Chang, C. C.},
     TITLE = {Algebraic analysis of many valued logics},
   JOURNAL = {Transactions of American Mathematical Society},
  FJOURNAL = {Transactions of the American Mathematical Society},
    VOLUME = {88},
      YEAR = {1958},
     PAGES = {467--490},
}
